% Use this file for citations not found in the ACL Anthology (contained in "anthology.bib").


@article{DBLP:journals/corr/abs-2106-03020,
  author    = {Johannes Mario Meissner and
               Napat Thumwanit and
               Saku Sugawara and
               Akiko Aizawa},
  title     = {Embracing Ambiguity: Shifting the Training Target of {NLI} Models},
  journal   = {CoRR},
  volume    = {abs/2106.03020},
  year      = {2021},
  url       = {https://arxiv.org/abs/2106.03020},
  eprinttype = {arXiv},
  eprint    = {2106.03020},
  timestamp = {Thu, 10 Jun 2021 16:34:18 +0200},
  biburl    = {https://dblp.org/rec/journals/corr/abs-2106-03020.bib},
  bibsource = {dblp computer science bibliography, https://dblp.org}
}

@inproceedings{ynie2020chaosnli,
	Author = {Yixin Nie and
              Xiang Zhou and
              Mohit Bansal},
	Booktitle = {Proceedings of the 2020 Conference on Empirical Methods in Natural Language Processing (EMNLP)},
	Publisher = {Association for Computational Linguistics},
	Title = {What Can We Learn from Collective Human Opinions on Natural Language Inference Data?},
	Year = {2020}
}

@inproceedings{snli:emnlp2015,
	Author = {Samuel R. Bowman and 
              Gabor Angeli and
              Christopher Potts and
              Christopher D. Manning},
	Booktitle = {Proceedings of the 2015 Conference on Empirical Methods in Natural Language Processing (EMNLP)},
	Publisher = {Association for Computational Linguistics},
	Title = {A large annotated corpus for learning natural language inference},
	Year = {2015}
}
